@online{practicingFoundations,
author = {Kurkiewicz, Adam},
title  = {Practicing Foundations},
date   = {2016-03-03},
url    = {https://github.com/picrin/practicingFoundations}
}

@online{SelectionSortVB,
author = {Kurkiewicz, Adam},
title  = {SelectionSortVB},
date   = {2016-03-03},
url    = {https://github.com/picrin/SelectionSortVB}
}

@online{VMWorkshops,
author = {Kurkiewicz, Adam},
title  = {VMWorkshops},
date   = {2016-03-03},
url    = {https://github.com/picrin/VMWorkshops}
}







